<record><leader>00000cas a22000007a 4500</leader><controlfield tag="001">16638233</controlfield><controlfield tag="008">870903d19041906ohuir ne      0    0eng d</controlfield><datafield ind1=" " ind2=" " tag="010"><subfield code="a">sn 87075007 </subfield></datafield><datafield ind1=" " ind2=" " tag="040"><subfield code="a">ONP</subfield><subfield code="b">eng</subfield><subfield code="c">ONP</subfield><subfield code="d">OCLCQ</subfield></datafield><datafield ind1=" " ind2=" " tag="042"><subfield code="a">msc</subfield></datafield><datafield ind1="0" ind2=" " tag="130"><subfield code="a">Herald-leader (McConnelsville, Ohio)</subfield></datafield><datafield ind1="1" ind2="4" tag="245"><subfield code="a">The Herald-leader.</subfield></datafield><datafield ind1=" " ind2=" " tag="260"><subfield code="a">McConnelsville, Ohio :</subfield><subfield code="b">A.J. Mercer,</subfield><subfield code="c">1904-1906.</subfield></datafield><datafield ind1=" " ind2=" " tag="310"><subfield code="a">Triweekly,</subfield><subfield code="b">Apr. 3-Aug. 11, 1906</subfield></datafield><datafield ind1=" " ind2=" " tag="321"><subfield code="a">Weekly,</subfield><subfield code="b">Oct. 13, 1904-Mar. 29, 1906</subfield></datafield><datafield ind1="0" ind2=" " tag="362"><subfield code="a">Vol. 65, no. 41 (Oct. 13, 1904)-v. 67, no. 9 (Aug. 11, 1906).</subfield></datafield><datafield ind1=" " ind2=" " tag="752"><subfield code="a">United States</subfield><subfield code="b">Ohio</subfield><subfield code="c">Morgan</subfield><subfield code="d">McConnelsville.</subfield></datafield><datafield ind1="0" ind2="4" tag="780"><subfield code="t">McConnelsville herald (McConnelsville, Ohio : 1869)</subfield><subfield code="w">(DLC)sn 85038099</subfield></datafield><datafield ind1="0" ind2="4" tag="780"><subfield code="t">Morgan County leader</subfield><subfield code="w">(DLC)sn 87075003</subfield></datafield><datafield ind1="0" ind2="0" tag="785"><subfield code="t">Weekly herald (McConnelsville, Ohio)</subfield><subfield code="w">(DLC)sn 87075013</subfield></datafield></record>